<record><leader>00000cas a22000007a 4500</leader><controlfield tag="001">24510730</controlfield><controlfield tag="008">911007d19611967njuwr ne      0    0eng d</controlfield><datafield ind1=" " ind2=" " tag="010"><subfield code="a">sn 91064057 </subfield></datafield><datafield ind1=" " ind2=" " tag="040"><subfield code="a">NJW</subfield><subfield code="b">eng</subfield><subfield code="c">NJW</subfield><subfield code="d">OCL</subfield><subfield code="d">OCLCQ</subfield></datafield><datafield ind1="0" ind2="0" tag="245"><subfield code="a">South Plainfield suburban review.</subfield></datafield><datafield ind1="3" ind2="0" tag="246"><subfield code="a">Suburban review</subfield></datafield><datafield ind1=" " ind2=" " tag="260"><subfield code="a">South Plainfield, N.J. :</subfield><subfield code="b">Marcris Enterprises</subfield></datafield><datafield ind1=" " ind2=" " tag="300"><subfield code="a">v.</subfield></datafield><datafield ind1=" " ind2=" " tag="310"><subfield code="a">Weekly</subfield></datafield><datafield ind1="0" ind2=" " tag="362"><subfield code="a">Vol. 27, no. 20 (June 27, 1961)-v. 33, no. 44 (Dec. 7, 1967).</subfield></datafield><datafield ind1=" " ind2=" " tag="500"><subfield code="a">Published as: Suburban review, June 27-Nov. 28, 1961.</subfield></datafield><datafield ind1=" " ind2=" " tag="752"><subfield code="a">United States</subfield><subfield code="b">New Jersey</subfield><subfield code="c">Middlesex</subfield><subfield code="d">South Plainfield.</subfield></datafield><datafield ind1="0" ind2="0" tag="780"><subfield code="t">South Plainfield weekly news-review</subfield><subfield code="w">(DLC)sn 91064056</subfield><subfield code="w">(OCoLC)24510637</subfield></datafield><datafield ind1="0" ind2="0" tag="785"><subfield code="t">Tribune (South Plainfield, N.J.)</subfield><subfield code="w">(DLC)sn 91064054</subfield><subfield code="w">(OCoLC)24520593</subfield></datafield></record>